
@article{gamalShuffleSegRealtimeSemantic2018,
  title = {{{ShuffleSeg}}: Real-Time {{Semantic Segmentation Network}}},
  shorttitle = {{{ShuffleSeg}}},
  author = {Gamal, Mostafa and Siam, Mennatullah and {Abdel-Razek}, Moemen},
  year = {2018},
  journal = {arXiv:1803.03816 [cs]},
  eprint = {1803.03816},
  eprinttype = {arxiv},
  primaryclass = {cs},
  archiveprefix = {arXiv},
  langid = {english}
}

@article{Chen2021TransUNetTM,
  title={TransUNet: Transformers Make Strong Encoders for Medical Image Segmentation},
  author={Jieneng Chen and Yongyi Lu and Qihang Yu and Xiangde Luo and Ehsan Adeli and Yan Wang and Le Lu and Alan Loddon Yuille and Yuyin Zhou},
  journal={ArXiv},
  year={2021},
  volume={abs/2102.04306}
}

@article{ronnebergerUNetConvolutionalNetworks2015,
  title = {U-{{Net}}: Convolutional {{Networks}} for {{Biomedical Image Segmentation}}},
  shorttitle = {U-{{Net}}},
  author = {Ronneberger, Olaf and Fischer, Philipp and Brox, Thomas},
  year = {2015},
  journal = {arXiv:1505.04597 [cs]},
  eprint = {1505.04597},
  eprinttype = {arxiv},
  primaryclass = {cs},
  archiveprefix = {arXiv},
  langid = {english},
  annotation = {cites: dechesneSemanticSegmentationForest2017}
}
@article{Lin2017RefineNetMR,
  title={RefineNet: Multi-path Refinement Networks for High-Resolution Semantic Segmentation},
  author={Guosheng Lin and Anton Milan and Chunhua Shen and Ian D. Reid},
  journal={Proc. CVPR},
  year={2017},
  pages={5168-5177}
}

@article{shelhamerFullyConvolutionalNetworks2017,
  title = {Fully {{Convolutional Networks}} for {{Semantic Segmentation}}},
  author = {Shelhamer, Evan and Long, Jonathan and Darrell, Trevor},
  year = {2017},
  journal = {IEEE Trans. Pattern Anal. Mach. Intell.},
  volume = {39},
  number = {4},
  pages = {640--651},
  issn = {0162-8828, 2160-9292},
  doi = {10.1109/TPAMI.2016.2572683},
  langid = {english}
}

@article{guoVisualAttentionNetwork2022,
  title = {Visual {{Attention Network}}},
  author = {Guo, Meng-Hao and Lu, Cheng-Ze and Liu, Zheng-Ning and Cheng, Ming-Ming and Hu, Shi-Min},
  year = {2022},
  langid = {english}
}

@article{howardMobileNetsEfficientConvolutional2017,
  title = {{{MobileNets}}: {{Efficient Convolutional Neural Networks}} for {{Mobile Vision Applications}}},
  shorttitle = {{{MobileNets}}},
  author = {Howard, Andrew G. and Zhu, Menglong and Chen, Bo and Kalenichenko, Dmitry and Wang, Weijun and Weyand, Tobias and Andreetto, Marco and Adam, Hartwig},
  year = {2017},
  journal = {arXiv:1704.04861 [cs]},
  eprint = {1704.04861},
  eprinttype = {arxiv},
  primaryclass = {cs},
  archiveprefix = {arXiv},
  langid = {english}
}

@misc{sandlerMobileNetV2InvertedResiduals2019a,
  title = {{{MobileNetV2}}: {{Inverted Residuals}} and {{Linear Bottlenecks}}},
  shorttitle = {{{MobileNetV2}}},
  author = {Sandler, Mark and Howard, Andrew and Zhu, Menglong and Zhmoginov, Andrey and Chen, Liang-Chieh},
  year = {2019},
  month = mar,
  number = {arXiv:1801.04381},
  eprint = {1801.04381},
  eprinttype = {arxiv},
  primaryclass = {cs},
  institution = {{arXiv}},
  archiveprefix = {arXiv},
  keywords = {Computer Science - Computer Vision and Pattern Recognition}
}







@article{yeungUnifiedFocalLoss2022,
  title = {Unified {{Focal}} Loss: {{Generalising Dice}} and Cross Entropy-Based Losses to Handle Class Imbalanced Medical Image Segmentation},
  shorttitle = {Unified {{Focal}} Loss},
  author = {Yeung, Michael and Sala, Evis and Sch{\"o}nlieb, Carola-Bibiane and Rundo, Leonardo},
  year = {2022},
  month = jan,
  journal = {Computerized Medical Imaging and Graphics},
  volume = {95},
  pages = {102026},
  issn = {08956111},
  doi = {10.1016/j.compmedimag.2021.102026},
  langid = {english}
}

@article{liuConvNet2020s2022,
  title = {A {{ConvNet}} for the 2020s},
  author = {Liu, Zhuang and Mao, Hanzi and Wu, Chao-Yuan and Feichtenhofer, Christoph and Darrell, Trevor and Xie, Saining},
  year = {2022},
  month = jan,
  journal = {arXiv:2201.03545 [cs]},
  eprint = {2201.03545},
  eprinttype = {arxiv},
  primaryclass = {cs},
  archiveprefix = {arXiv}
}

@article{yangDOLGSingleStageImage2021,
  title = {{{DOLG}}: {{Single-Stage Image Retrieval}} with {{Deep Orthogonal Fusion}} of {{Local}} and {{Global Features}}},
  shorttitle = {{{DOLG}}},
  author = {Yang, Min and He, Dongliang and Fan, Miao and Shi, Baorong and Xue, Xuetong and Li, Fu and Ding, Errui and Huang, Jizhou},
  year = {2021},
  month = aug,
  journal = {arXiv:2108.02927 [cs]},
  eprint = {2108.02927},
  eprinttype = {arxiv},
  primaryclass = {cs},
  archiveprefix = {arXiv}
}





@article{fuJLDCFJointLearning2020,
  title = {{{JL-DCF}}: {{Joint Learning}} and {{Densely-Cooperative Fusion Framework}} for {{RGB-D Salient Object Detection}}},
  shorttitle = {{{JL-DCF}}},
  author = {Fu, Keren and Fan, Deng-Ping and Ji, Ge-Peng and Zhao, Qijun},
  year = {2020},
  month = apr,
  journal = {arXiv:2004.08515 [cs]},
  eprint = {2004.08515},
  eprinttype = {arxiv},
  primaryclass = {cs},
  archiveprefix = {arXiv}
}
@article{Lin2020FocalLF,
  title={Focal Loss for Dense Object Detection},
  author={Tsung-Yi Lin and Priya Goyal and Ross B. Girshick and Kaiming He and Piotr Doll{\'a}r},
  journal={IEEE Trans. Pattern Anal. Mach. Intell.},
  year={2020},
  volume={42},
  pages={318-327}
}
@inproceedings{Zhang2018GeneralizedCE,
  title={Generalized Cross Entropy Loss for Training Deep Neural Networks with Noisy Labels},
  author={Zhilu Zhang and Mert Rory Sabuncu},
  booktitle={NeurIPS},
  year={2018}
}
@article{Abraham2019ANF,
  title={A Novel Focal Tversky Loss Function With Improved Attention U-Net for Lesion Segmentation},
  author={Nabila Abraham and Naimul Mefraz Khan},
  journal={2019 IEEE 16th International Symposium on Biomedical Imaging (ISBI 2019)},
  year={2019},
  pages={683-687}
}
@article{yuanSegmentationTransformerObjectContextual2021,
  title = {Segmentation {{Transformer}}: {{Object-Contextual Representations}} for {{Semantic Segmentation}}},
  shorttitle = {Segmentation {{Transformer}}},
  author = {Yuan, Yuhui and Chen, Xiaokang and Chen, Xilin and Wang, Jingdong},
  year = {2021},
  month = apr,
  journal = {arXiv:1909.11065 [cs]},
  eprint = {1909.11065},
  eprinttype = {arxiv},
  primaryclass = {cs},
  archiveprefix = {arXiv},
  langid = {english}
}

 
 



@article{strudelSegmenterTransformerSemantic2021,
  title = {Segmenter: {{Transformer}} for {{Semantic Segmentation}}},
  shorttitle = {Segmenter},
  author = {Strudel, Robin and Garcia, Ricardo and Laptev, Ivan and Schmid, Cordelia},
  year = {2021},
  month = sep,
  journal = {arXiv:2105.05633 [cs]},
  eprint = {2105.05633},
  eprinttype = {arxiv},
  primaryclass = {cs},
  archiveprefix = {arXiv},
  keywords = {Computer Science - Artificial Intelligence,Computer Science - Computer Vision and Pattern Recognition,Computer Science - Machine Learning}
}

@article{zhengRethinkingSemanticSegmentation2021a,
  title = {Rethinking {{Semantic Segmentation}} from a {{Sequence-to-Sequence Perspective}} with {{Transformers}}},
  author = {Zheng, Sixiao and Lu, Jiachen and Zhao, Hengshuang and Zhu, Xiatian and Luo, Zekun and Wang, Yabiao and Fu, Yanwei and Feng, Jianfeng and Xiang, Tao and Torr, Philip H. S. and Zhang, Li},
  year = {2021},
  month = jul,
  journal = {arXiv:2012.15840 [cs]},
  eprint = {2012.15840},
  eprinttype = {arxiv},
  primaryclass = {cs},
  archiveprefix = {arXiv}
}



@article{maLossOdysseyMedical2021,
  title = {Loss Odyssey in Medical Image Segmentation},
  author = {Ma, Jun and Chen, Jianan and Ng, Matthew and Huang, Rui and Li, Yu and Li, Chen and Yang, Xiaoping and Martel, Anne L.},
  year = {2021},
  month = jul,
  journal = {Medical Image Analysis},
  volume = {71},
  pages = {102035},
  issn = {1361-8415},
  doi = {10.1016/j.media.2021.102035},
  langid = {english},
  keywords = {Benchmark,Convolutional neural networks,Loss function,Segmentation}
}





@inproceedings{zhangUCNetUncertaintyInspired2020,
  title = {{{UC-Net}}: {{Uncertainty Inspired RGB-D Saliency Detection}} via {{Conditional Variational Autoencoders}}},
  shorttitle = {{{UC-Net}}},
  booktitle = {2020 {{IEEE}}/{{CVF Conference}} on {{Computer Vision}} and {{Pattern Recognition}} ({{CVPR}})},
  author = {Zhang, Jing and Fan, Deng-Ping and Dai, Yuchao and Anwar, Saeed and Saleh, Fatemeh Sadat and Zhang, Tong and Barnes, Nick},
  year = {2020},
  month = jun,
  pages = {8579--8588},
  publisher = {{IEEE}},
  address = {{Seattle, WA, USA}},
  doi = {10.1109/CVPR42600.2020.00861},
  isbn = {978-1-72817-168-5},
  langid = {english}
}


@article{liuVisualSaliencyTransformer2021,
  title = {Visual {{Saliency Transformer}}},
  author = {Liu, Nian and Zhang, Ni and Wan, Kaiyuan and Shao, Ling and Han, Junwei},
  year = {2021},
  month = aug,
  journal = {arXiv:2104.12099 [cs]},
  eprint = {2104.12099},
  eprinttype = {arxiv},
  primaryclass = {cs},
  archiveprefix = {arXiv}
}









@article{wangDeepHighResolutionRepresentation2020,
  title = {Deep {{High}}-{{Resolution Representation Learning}} for {{Visual Recognition}}},
  author = {Wang, Jingdong and Sun, Ke and Cheng, Tianheng and Jiang, Borui and Deng, Chaorui and Zhao, Yang and Liu, Dong and Mu, Yadong and Tan, Mingkui and Wang, Xinggang and Liu, Wenyu and Xiao, Bin},
  year = {2020},
  journal = {arXiv:1908.07919 [cs]},
  eprint = {1908.07919},
  eprinttype = {arxiv},
  primaryclass = {cs},
  archiveprefix = {arXiv},
  langid = {english}
}


@article{chenDeepLabSemanticImage2017,
  title = {{{DeepLab}}: Semantic {{Image Segmentation}} with {{Deep Convolutional Nets}}, {{Atrous Convolution}}, and {{Fully Connected CRFs}}},
  shorttitle = {{{DeepLab}}},
  author = {Chen, Liang-Chieh and Papandreou, George and Kokkinos, Iasonas and Murphy, Kevin and Yuille, Alan L.},
  year = {2017},
  month = may,
  journal = {arXiv:1606.00915 [cs]},
  eprint = {1606.00915},
  eprinttype = {arxiv},
  primaryclass = {cs},
  archiveprefix = {arXiv},
  langid = {english}
}


@inproceedings{yangDenseASPPSemanticSegmentation2018,
  title = {{{DenseASPP}} for {{Semantic Segmentation}} in {{Street Scenes}}},
  booktitle = {2018 {{IEEE}}/{{CVF Conference}} on {{Computer Vision}} and {{Pattern Recognition}}},
  author = {Yang, Maoke and Yu, Kun and Zhang, Chi and Li, Zhiwei and Yang, Kuiyuan},
  year = {2018},
  month = jun,
  pages = {3684--3692},
  publisher = {{IEEE}},
  address = {{Salt Lake City, UT, USA}},
  doi = {10.1109/CVPR.2018.00388},
  isbn = {978-1-5386-6420-9},
  langid = {english}
}

@article{zhaoPyramidSceneParsing2017,
  title = {Pyramid {{Scene Parsing Network}}},
  author = {Zhao, Hengshuang and Shi, Jianping and Qi, Xiaojuan and Wang, Xiaogang and Jia, Jiaya},
  year = {2017},
  month = apr,
  journal = {arXiv:1612.01105 [cs]},
  eprint = {1612.01105},
  eprinttype = {arxiv},
  primaryclass = {cs},
  archiveprefix = {arXiv},
  langid = {english}
}

@article{chenEncoderDecoderAtrousSeparable2018,
  title = {Encoder-{{Decoder}} with {{Atrous Separable Convolution}} for {{Semantic Image Segmentation}}},
  author = {Chen, Liang-Chieh and Zhu, Yukun and Papandreou, George and Schroff, Florian and Adam, Hartwig},
  year = {2018},
  month = aug,
  journal = {arXiv:1802.02611 [cs]},
  eprint = {1802.02611},
  eprinttype = {arxiv},
  primaryclass = {cs},
  archiveprefix = {arXiv},
  langid = {english}
}


@article{badrinarayananSegNetDeepConvolutional2016,
  title = {{{SegNet}}: A {{Deep Convolutional Encoder}}-{{Decoder Architecture}} for {{Image Segmentation}}},
  shorttitle = {{{SegNet}}},
  author = {Badrinarayanan, Vijay and Kendall, Alex and Cipolla, Roberto},
  year = {2016},
  month = oct,
  journal = {arXiv:1511.00561 [cs]},
  eprint = {1511.00561},
  eprinttype = {arxiv},
  primaryclass = {cs},
  archiveprefix = {arXiv},
  langid = {english}
}

@article{fourureResidualConvDeconvGrid2017,
  title = {Residual {{Conv}}-{{Deconv Grid Network}} for {{Semantic Segmentation}}},
  author = {Fourure, Damien and Emonet, R{\'e}mi and Fromont, Elisa and Muselet, Damien and Tremeau, Alain and Wolf, Christian},
  year = {2017},
  month = jul,
  journal = {arXiv:1707.07958 [cs]},
  eprint = {1707.07958},
  eprinttype = {arxiv},
  primaryclass = {cs},
  archiveprefix = {arXiv},
  langid = {english}
}

@article{Scheirer2013TowardOS,
  title={Toward Open Set Recognition},
  author={Walter J. Scheirer and Anderson Rocha and Archana Sapkota and Terrance E. Boult},
  journal={IEEE Trans. Pattern Anal. Mach. Intell.},
  year={2013},
  volume={35},
  pages={1757-1772}
}
@article{Deng2018TripletBasedDH,
  title={Triplet-Based Deep Hashing Network for Cross-Modal Retrieval},
  author={Cheng Deng and Zhaojia Chen and Xianglong Liu and Xinbo Gao and Dacheng Tao},
  journal={IEEE Transactions on Image Processing},
  year={2018},
  volume={27},
  pages={3893-3903}
}

@article{Biggio2018WildPT,
  title={Wild Patterns: Ten Years After the Rise of Adversarial Machine Learning},
  author={Battista Biggio and Fabio Roli},
  journal={Proceedings of the 2018 ACM SIGSAC Conference on Computer and Communications Security},
  year={2018}
}
@article{Xu2017LearningCD,
  title={Learning Cross-Modal Deep Representations for Robust Pedestrian Detection},
  author={Dan Xu and Wanli Ouyang and Elisa Ricci and Xiaogang Wang and N. Sebe},
  journal={Proc. CVPR},
  year={2017},
  pages={4236-4244}
}
@article{Liu2021TrainingRD,
  title={Training Robust Deep Neural Networks via Adversarial Noise Propagation},
  author={Aishan Liu and Xianglong Liu and Hang Yu and Chongzhi Zhang and Qiang Liu and Dacheng Tao},
  journal={IEEE Transactions on Image Processing},
  year={2021},
  volume={30},
  pages={5769-5781}
}

@article{huangCCNetCrissCrossAttention2020,
  title = {{{CCNet}}: {{Criss-Cross Attention}} for {{Semantic Segmentation}}},
  shorttitle = {{{CCNet}}},
  author = {Huang, Zilong and Wang, Xinggang and Wei, Yunchao and Huang, Lichao and Shi, Humphrey and Liu, Wenyu and Huang, Thomas S.},
  year = {2020},
  month = jul,
  journal = {arXiv:1811.11721 [cs]},
  eprint = {1811.11721},
  eprinttype = {arxiv},
  primaryclass = {cs},
  archiveprefix = {arXiv},
  langid = {english}
}



@article{hendrycksBenchmarkingNeuralNetwork2019,
  title = {Benchmarking {{Neural Network Robustness}} to {{Common Corruptions}} and {{Perturbations}}},
  author = {Hendrycks, Dan and Dietterich, Thomas},
  year = {2019},
  journal = {arXiv:1903.12261 [cs, stat]},
  eprint = {1903.12261},
  eprinttype = {arxiv},
  primaryclass = {cs, stat},
  archiveprefix = {arXiv},
  langid = {english}
}

@article{kamannBenchmarkingRobustnessSemantic2021,
  title = {Benchmarking the {{Robustness}} of {{Semantic Segmentation Models}} with {{Respect}} to {{Common Corruptions}}},
  author = {Kamann, Christoph and Rother, Carsten},
  year = {2021},
  month = feb,
  journal = {Int. J. Comput. Vis.},
  volume = {129},
  number = {2},
  pages = {462--483},
  issn = {0920-5691, 1573-1405},
  doi = {10.1007/s11263-020-01383-2},
  langid = {english}
}





@article{kamannBenchmarkingRobustnessSemantic2020,
  title = {Benchmarking the {{Robustness}} of {{Semantic Segmentation Models}}},
  author = {Kamann, Christoph and Rother, Carsten},
  year = {2020},
  journal = {Proc. CVPR},
  eprint = {1908.05005},
  eprinttype = {arxiv},
  pages = {8825--8835},
  doi = {10.1109/CVPR42600.2020.00885},
  archiveprefix = {arXiv},
  langid = {english}
}

@article{Shao2021OnTA,
  title={On the Adversarial Robustness of Visual Transformers},
  author={Rulin Shao and Zhouxing Shi and Jinfeng Yi and Pin-Yu Chen and Cho-Jui Hsieh},
  journal={ArXiv},
  year={2021},
  volume={abs/2103.15670}
}
@article{Mahmood2021OnTR,
  title={On the Robustness of Vision Transformers to Adversarial Examples},
  author={Kaleel Mahmood and Rigel Mahmood and Marten van Dijk},
  journal={ArXiv},
  year={2021},
  volume={abs/2104.02610}
}
@article{Bhojanapalli2021UnderstandingRO,
  title={Understanding Robustness of Transformers for Image Classification},
  author={Srinadh Bhojanapalli and Ayan Chakrabarti and Daniel Glasner and Daliang Li and Thomas Unterthiner and Andreas Veit},
  journal={ArXiv},
  year={2021},
  volume={abs/2103.14586}
}

@article{naseerIntriguingPropertiesVision2021,
  title = {Intriguing {{Properties}} of {{Vision Transformers}}},
  author = {Naseer, Muzammal and Ranasinghe, Kanchana and Khan, Salman and Hayat, Munawar and Khan, Fahad Shahbaz and Yang, Ming-Hsuan},
  year = {2021},
  month = jun,
  journal = {arXiv:2105.10497 [cs]},
  eprint = {2105.10497},
  eprinttype = {arxiv},
  primaryclass = {cs},
  archiveprefix = {arXiv}
}


@article{wangNovelTransformerBased2022,
  title = {A {{Novel Transformer}} Based {{Semantic Segmentation Scheme}} for {{Fine-Resolution Remote Sensing Images}}},
  author = {Wang, Libo and Li, Rui and Duan, Chenxi and Zhang, Ce and Meng, Xiaoliang and Fang, Shenghui},
  year = {2022},
  journal = {IEEE Geosci. Remote Sens. Lett.},
  pages = {1--1},
  issn = {1558-0571},
  doi = {10.1109/LGRS.2022.3143368}
}

@article{shiLandCoverClassification2022,
  title = {Land {{Cover Classification}} in {{Foggy Conditions}}: {{Toward Robust Models}}},
  shorttitle = {Land {{Cover Classification}} in {{Foggy Conditions}}},
  author = {Shi, Weipeng and Qin, Wenhu and Yun, Zhonghua and Chen, Allshine and Huang, Kai and Zhao, Tao},
  year = {2022},
  journal = {IEEE Geoscience and Remote Sensing Letters},
  volume = {19},
  pages = {1--5},
  issn = {1545-598X, 1558-0571},
  doi = {10.1109/LGRS.2022.3187779},
  langid = {english}
}

@article{Schmitt2019SEN12MSA,
  title={SEN12MS - A Curated Dataset of Georeferenced Multi-Spectral Sentinel-1/2 Imagery for Deep Learning and Data Fusion},
  author={Michael Schmitt and Lloyd H. Hughes and Chunping Qiu and Xiaoxiang Zhu},
  journal={ArXiv},
  year={2019},
  volume={abs/1906.07789}
}


@article{Cao2021SwinUnetUP,
  title={Swin-Unet: Unet-like Pure Transformer for Medical Image Segmentation},
  author={Hu Cao and Yueyue Wang and Joy Chen and Dongsheng Jiang and Xiaopeng Zhang and Qi Tian and Manning Wang},
  journal={ArXiv},
  year={2021},
  volume={abs/2105.05537}
}
@article{liuSwinTransformerHierarchical2021,
  title = {Swin {{Transformer}}: Hierarchical {{Vision Transformer}} Using {{Shifted Windows}}},
  shorttitle = {Swin {{Transformer}}},
  author = {Liu, Ze and Lin, Yutong and Cao, Yue and Hu, Han and Wei, Yixuan and Zhang, Zheng and Lin, Stephen and Guo, Baining},
  year = {2021},
  month = aug,
  journal = {arXiv:2103.14030 [cs]},
  eprint = {2103.14030},
  eprinttype = {arxiv},
  primaryclass = {cs},
  archiveprefix = {arXiv},
  langid = {english}
}
@article{Zheng2021RethinkingSS,
  title={Rethinking Semantic Segmentation from a Sequence-to-Sequence Perspective with Transformers},
  author={Sixiao Zheng and Jiachen Lu and Hengshuang Zhao and Xiatian Zhu and Zekun Luo and Yabiao Wang and Yanwei Fu and Jianfeng Feng and Tao Xiang and Philip H. S. Torr and Li Zhang},
  journal={Proc. CVPR},
  year={2021},
  pages={6877-6886}
}
@article{Zhu2010VeryHR,
  title={Very High Resolution Spaceborne SAR Tomography in Urban Environment},
  author={Xiaoxiang Zhu and Richard Bamler},
  journal={IEEE Trans. Geosci. Remote Sens.},
  year={2010},
  volume={48},
  pages={4296-4308}
}
@article{Gong2012ChangeDI,
  title={Change Detection in Synthetic Aperture Radar Images based on Image Fusion and Fuzzy Clustering},
  author={Maoguo Gong and Zhiqiang Zhou and Jingjing Ma},
  journal={IEEE Transactions on Image Processing},
  year={2012},
  volume={21},
  pages={2141-2151}
}
@article{xieSegFormerSimpleEfficient2021,
  title = {{{SegFormer}}: Simple and {{Efficient Design}} for {{Semantic Segmentation}} with {{Transformers}}},
  shorttitle = {{{SegFormer}}},
  author = {Xie, Enze and Wang, Wenhai and Yu, Zhiding and Anandkumar, Anima and Alvarez, Jose M. and Luo, Ping},
  year = {2021},
  month = jun,
  journal = {arXiv:2105.15203 [cs]},
  eprint = {2105.15203},
  eprinttype = {arxiv},
  primaryclass = {cs},
  archiveprefix = {arXiv},
  langid = {english},
  keywords = {transformer}
}

@misc{tolstikhinMLPMixerAllMLPArchitecture2021,
  title = {{{MLP-Mixer}}: {{An}} All-{{MLP Architecture}} for {{Vision}}},
  shorttitle = {{{MLP-Mixer}}},
  author = {Tolstikhin, Ilya and Houlsby, Neil and Kolesnikov, Alexander and Beyer, Lucas and Zhai, Xiaohua and Unterthiner, Thomas and Yung, Jessica and Steiner, Andreas and Keysers, Daniel and Uszkoreit, Jakob and Lucic, Mario and Dosovitskiy, Alexey},
  year = {2021},
  month = jun,
  number = {arXiv:2105.01601},
  eprint = {2105.01601},
  eprinttype = {arxiv},
  primaryclass = {cs},
  institution = {{arXiv}},
  doi = {10.48550/arXiv.2105.01601},
  archiveprefix = {arXiv},
  keywords = {Computer Science - Artificial Intelligence,Computer Science - Computer Vision and Pattern Recognition,Computer Science - Machine Learning}
}



@article{audebertRGBVeryHigh2018,
  title = {Beyond {{RGB}}: {{Very}} High Resolution Urban Remote Sensing with Multimodal Deep Networks},
  shorttitle = {Beyond {{RGB}}},
  author = {Audebert, Nicolas and Le Saux, Bertrand and Lef{\`e}vre, S{\'e}bastien},
  year = {2018},
  month = jun,
  journal = {ISPRS J. Photogramm. Remote Sens.},
  volume = {140},
  pages = {20--32},
  issn = {09242716},
  doi = {10.1016/j.isprsjprs.2017.11.011},
  langid = {english}
}
@article{Meraner2020CloudRI,
  title={Cloud removal in Sentinel-2 imagery using a deep residual neural network and SAR-optical data fusion},
  author={Andreas Meraner and Patrick Ebel and Xiaoxiang Zhu and Michael Schmitt},
  journal={ISPRS J. Photogramm. Remote Sens.},
  year={2020},
  volume={166},
  pages={333 - 346}
}
@article{Lan2020GlobalCB,
  title={Global context based automatic road segmentation via dilated convolutional neural network},
  author={Meng Lan and Yipeng Zhang and Lefei Zhang and Bo Du},
  journal={Inf. Sci.},
  year={2020},
  volume={535},
  pages={156-171}
}


@article{yuanVOLOVisionOutlooker2021,
  title = {{{VOLO}}: Vision {{Outlooker}} for {{Visual Recognition}}},
  shorttitle = {{{VOLO}}},
  author = {Yuan, Li and Hou, Qibin and Jiang, Zihang and Feng, Jiashi and Yan, Shuicheng},
  year = {2021},
  month = jun,
  journal = {arXiv:2106.13112 [cs]},
  eprint = {2106.13112},
  eprinttype = {arxiv},
  primaryclass = {cs},
  archiveprefix = {arXiv}
}
@misc{Members,
author = {Members, ISPRS Sustaining},
title = {{ISPRS 2D Semantic Labeling Contest}},
url = {https://www2.isprs.org/commissions/comm2/wg4/benchmark/semantic-labeling/}
}

@inproceedings{Misra2020MishAS,
  title={Mish: A Self Regularized Non-Monotonic Activation Function},
  author={Diganta Misra},
  booktitle={BMVC},
  year={2020}
}
@misc{riba2019kornia,
      title={Kornia: an Open Source Differentiable Computer Vision Library for PyTorch}, 
      author={Edgar Riba and Dmytro Mishkin and Daniel Ponsa and Ethan Rublee and Gary Bradski},
      year={2019},
      eprint={1910.02190},
      archivePrefix={arXiv},
      primaryClass={cs.CV}
}

@article{tangRobustARTBenchmarkingRobustness2021,
  title = {{{RobustART}}: Benchmarking {{Robustness}} on {{Architecture Design}} and {{Training Techniques}}},
  shorttitle = {{{RobustART}}},
  author = {Tang, Shiyu and Gong, Ruihao and Wang, Yan and Liu, Aishan and Wang, Jiakai and Chen, Xinyun and Yu, Fengwei and Liu, Xianglong and Song, Dawn and Yuille, Alan and Torr, Philip H. S. and Tao, Dacheng},
  year = {2021},
  journal = {arXiv:2109.05211 [cs]},
  eprint = {2109.05211},
  eprinttype = {arxiv},
  primaryclass = {cs},
  archiveprefix = {arXiv},
  langid = {english}
}
@misc{he2015deep,
      title={Deep Residual Learning for Image Recognition}, 
      author={Kaiming He and Xiangyu Zhang and Shaoqing Ren and Jian Sun},
      year={2015},
      eprint={1512.03385},
      archivePrefix={arXiv},
      primaryClass={cs.CV}
}

@article{touvronTrainingDataefficientImage2021a,
  title = {Training Data-Efficient Image Transformers \& Distillation through Attention},
  author = {Touvron, Hugo and Cord, Matthieu and Douze, Matthijs and Massa, Francisco and Sablayrolles, Alexandre and J{\'e}gou, Herv{\'e}},
  year = {2021},
  month = jan,
  journal = {arXiv:2012.12877 [cs]},
  eprint = {2012.12877},
  eprinttype = {arxiv},
  primaryclass = {cs},
  archiveprefix = {arXiv},
  keywords = {Computer Science - Computer Vision and Pattern Recognition}
}



@article{zhangRobustPatternRecognition2020,
  title = {Towards {{Robust Pattern Recognition}}: A {{Review}}},
  shorttitle = {Towards {{Robust Pattern Recognition}}},
  author = {Zhang, Xu-Yao and Liu, Cheng-Lin and Suen, Ching Y.},
  year = {2020},
  month = jun,
  journal = {Proceedings of the IEEE},
  volume = {108},
  number = {6},
  pages = {894--922},
  issn = {1558-2256},
  doi = {10.1109/JPROC.2020.2989782}
}

@misc{woo2018cbam,
      title={CBAM: Convolutional Block Attention Module}, 
      author={Sanghyun Woo and Jongchan Park and Joon-Young Lee and In So Kweon},
      year={2018},
      eprint={1807.06521},
      archivePrefix={arXiv},
      primaryClass={cs.CV}
}


@article{wangECANetEfficientChannel2020,
  title = {{{ECA-Net}}: {{Efficient Channel Attention}} for {{Deep Convolutional Neural Networks}}},
  shorttitle = {{{ECA-Net}}},
  author = {Wang, Qilong and Wu, Banggu and Zhu, Pengfei and Li, Peihua and Zuo, Wangmeng and Hu, Qinghua},
  year = {2020},
  month = apr,
  journal = {arXiv:1910.03151 [cs]},
  eprint = {1910.03151},
  eprinttype = {arxiv},
  primaryclass = {cs},
  archiveprefix = {arXiv},
  langid = {english}
}

@article{huSqueezeandExcitationNetworks2019,
  title = {Squeeze-and-{{Excitation Networks}}},
  author = {Hu, Jie and Shen, Li and Albanie, Samuel and Sun, Gang and Wu, Enhua},
  year = {2019},
  month = may,
  journal = {arXiv:1709.01507 [cs]},
  eprint = {1709.01507},
  eprinttype = {arxiv},
  primaryclass = {cs},
  archiveprefix = {arXiv},
  langid = {english}
}

@article{caoGCNetNonlocalNetworks2019,
  title = {{{GCNet}}: {{Non-local Networks Meet Squeeze-Excitation Networks}} and {{Beyond}}},
  shorttitle = {{{GCNet}}},
  author = {Cao, Yue and Xu, Jiarui and Lin, Stephen and Wei, Fangyun and Hu, Han},
  year = {2019},
  month = apr,
  journal = {arXiv:1904.11492 [cs]},
  eprint = {1904.11492},
  eprinttype = {arxiv},
  primaryclass = {cs},
  archiveprefix = {arXiv},
  langid = {english}
}
    
@article{marcosLandCoverMapping2018,
  title = {Land Cover Mapping at Very High Resolution with Rotation Equivariant {{CNNs}}: Towards Small yet Accurate Models},
  shorttitle = {Land Cover Mapping at Very High Resolution with Rotation Equivariant {{CNNs}}},
  author = {Marcos, Diego and Volpi, Michele and Kellenberger, Benjamin and Tuia, Devis},
  year = {2018},
  month = nov,
  journal = {ISPRS J. Photogramm. Remote Sens.},
  volume = {145},
  eprint = {1803.06253},
  eprinttype = {arxiv},
  pages = {96--107},
  issn = {09242716},
  doi = {10.1016/j.isprsjprs.2018.01.021},
  archiveprefix = {arXiv}
}



@article{wangNonlocalNeuralNetworks2018,
  title = {Non-Local {{Neural Networks}}},
  author = {Wang, Xiaolong and Girshick, Ross and Gupta, Abhinav and He, Kaiming},
  year = {2018},
  month = apr,
  journal = {arXiv:1711.07971 [cs]},
  eprint = {1711.07971},
  eprinttype = {arxiv},
  primaryclass = {cs},
  archiveprefix = {arXiv},
  langid = {english}
}


@article{kerkechVineDiseaseDetection2020,
  title = {Vine Disease Detection in {{UAV}} Multispectral Images Using Optimized Image Registration and Deep Learning Segmentation Approach},
  author = {Kerkech, Mohamed and Hafiane, Adel and Canals, Raphael},
  year = {2020},
  month = jul,
  journal = {Computers and Electronics in Agriculture},
  volume = {174},
  pages = {105446},
  issn = {0168-1699},
  doi = {10.1016/j.compag.2020.105446},
  langid = {english}
}

@article{apolloscape_arXiv_2018,
  author = {Xinyu Huang and Xinjing Cheng and Qichuan Geng and Binbin Cao and Dingfu Zhou and Peng Wang and Yuanqing Lin and Ruigang Yang},
  title = {The ApolloScape Dataset for Autonomous Driving},
  journal = {arXiv: 1803.06184},
  year = {2018}
}


@misc{cordts2016cityscapes,
      title={The Cityscapes Dataset for Semantic Urban Scene Understanding}, 
      author={Marius Cordts and Mohamed Omran and Sebastian Ramos and Timo Rehfeld and Markus Enzweiler and Rodrigo Benenson and Uwe Franke and Stefan Roth and Bernt Schiele},
      year={2016},
      eprint={1604.01685},
      archivePrefix={arXiv},
      primaryClass={cs.CV}
}

@article{howardFastaiLayeredAPI2020,
  title = {Fastai: {{A Layered API}} for {{Deep Learning}}},
  author = {Howard, Jeremy and Gugger, Sylvain},
  year = {2020},
  pages = {26},
  langid = {english}
}




@misc{yu2020bdd100k,
      title={BDD100K: A Diverse Driving Dataset for Heterogeneous Multitask Learning}, 
      author={Fisher Yu and Haofeng Chen and Xin Wang and Wenqi Xian and Yingying Chen and Fangchen Liu and Vashisht Madhavan and Trevor Darrell},
      year={2020},
      eprint={1805.04687},
      archivePrefix={arXiv},
      primaryClass={cs.CV}
}

@article{Lorenz2021FeatureEF,
  title={Feature extraction for hyperspectral mineral domain mapping: A test of conventional and innovative methods},
  author={Sandra Lorenz and Pedram Ghamisi and Moritz Kirsch and Robert Jackisch and Behnood Rasti and Richard Gloaguen},
  journal={REMOTE SENS ENVIRON},
  year={2021},
  volume={252},
  pages={112129}
}


@ARTICLE{8922802,  author={Zhang, Xiangrong and Ma, Wenkang and Li, Chen and Wu, Jie and Tang, Xu and Jiao, Licheng},  journal={IEEE Geosci. Remote Sens. Lett.},   title={Fully Convolutional Network-Based Ensemble Method for Road Extraction From Aerial Images},   year={2020},  volume={17},  number={10},  pages={1777-1781},  doi={10.1109/LGRS.2019.2953523}}


@ARTICLE{9229514,  author={Kunwar, Saket and Chen, Hongyu and Lin, Manhui and Zhang, Hongyan and D’Angelo, Pablo and Cerra, Daniele and Azimi, Seyed Majid and Brown, Myron and Hager, Gregory and Yokoya, Naoto and Hänsch, Ronny and Le Saux, Bertrand},  journal={IEEE J. Sel. Topics Appl. Earth Observ.},   title={Large-Scale Semantic 3-D Reconstruction: Outcome of the 2019 IEEE GRSS Data Fusion Contest—Part A},   year={2021},  volume={14},  number={},  pages={922-935},  doi={10.1109/JSTARS.2020.3032221}}

@ARTICLE{6244846,  author={Hichri, Haikel and Bazi, Yakoub and Alajlan, Naif and Malek, Salim},  journal={IEEE Geosci. Remote Sens. Lett.},   title={Interactive Segmentation for Change Detection in Multispectral Remote-Sensing Images},   year={2013},  volume={10},  number={2},  pages={298-302},  doi={10.1109/LGRS.2012.2204953}}

@article{dosovitskiyImageWorth16x162021,
  title = {An {{Image}} Is {{Worth}} 16x16 {{Words}}: {{Transformers}} for {{Image Recognition}} at {{Scale}}},
  shorttitle = {An {{Image}} Is {{Worth}} 16x16 {{Words}}},
  author = {Dosovitskiy, Alexey and Beyer, Lucas and Kolesnikov, Alexander and Weissenborn, Dirk and Zhai, Xiaohua and Unterthiner, Thomas and Dehghani, Mostafa and Minderer, Matthias and Heigold, Georg and Gelly, Sylvain and Uszkoreit, Jakob and Houlsby, Neil},
  year = {2021},
  month = jun,
  journal = {arXiv:2010.11929 [cs]},
  eprint = {2010.11929},
  eprinttype = {arxiv},
  primaryclass = {cs},
  archiveprefix = {arXiv},
  langid = {english},
  keywords = {transformer}
}



@article{mehtaESPNetv2LightweightPower2019a,
  title = {{{ESPNetv2}}: {{A Light-weight}}, {{Power Efficient}}, and {{General Purpose Convolutional Neural Network}}},
  shorttitle = {{{ESPNetv2}}},
  author = {Mehta, Sachin and Rastegari, Mohammad and Shapiro, Linda and Hajishirzi, Hannaneh},
  year = {2019},
  month = mar,
  journal = {arXiv:1811.11431 [cs]},
  eprint = {1811.11431},
  eprinttype = {arxiv},
  primaryclass = {cs},
  archiveprefix = {arXiv},
  keywords = {Computer Science - Computer Vision and Pattern Recognition}
}

@article{Zheng2022GeneralizedSC,
  title={Generalized Scene Classification From Small-Scale Datasets With Multitask Learning},
  author={Xiangtao Zheng and Tengfei Gong and Xiaobin Li and Xiaoqiang Lu},
  journal={IEEE Trans. Geosci. Remote Sens.},
  year={2022},
  volume={60},
  pages={1-11}
}
@article{Zheng2019ADS,
  title={A Deep Scene Representation for Aerial Scene Classification},
  author={Xiangtao Zheng and Yuan Yuan and Xiaoqiang Lu},
  journal={IEEE Trans. Geosci. Remote Sens.},
  year={2019},
  volume={57},
  pages={4799-4809}
}
@article{Ning2022SemanticsConsistentRL,   title={Semantics-Consistent Representation Learning for Remote Sensing Image–Voice Retrieval},   author={Hailong Ning and Bin Zhao and Yuan Yuan},   journal={IEEE Trans. Geosci. Remote Sens.},   year={2022},   volume={60},   pages={1-14} }


@article{Mandal2020DualPR,
  title={Dual polarimetric radar vegetation index for crop growth monitoring using sentinel-1 SAR data},
  author={Dipankar Mandal and Vineet Kumar and Vineet Kumar and Debanshu Ratha and Subhadip Dey and Avik Bhattacharya and Juan M. Lopez-Sanchez and Heather Mcnairn and Yalamanchili Subrahmanyeswara Rao},
  journal={Remote Sensing of Environment},
  year={2020},
  volume={247},
  pages={111954}
}

@article{Hnsch2021SoilPermittivityEU,
  title={Soil-Permittivity Estimation Under Grassland Using Machine-Learning and Polarimetric Decomposition Techniques},
  author={Ronny H{\"a}nsch and Thomas Jagdhuber and Benjamin Fersch},
  journal={IEEE Transactions on Geoscience and Remote Sensing},
  year={2021},
  volume={59},
  pages={2877-2887}
}